@online{Wikipedia:LaTeX,
  author  = {Wikipedia},
  title   = {LaTeX --- Wikipedia},
  year    = {2019},
  url     = {https://de.wikipedia.org/wiki/LaTeX},
  urldate = {2019-06-11}
}