%%%%%%%%%%%%%%%%%%%%%%%%%%%%%%%%%%%%%%%%%%%%%%%%%%%%%
% Websites & Online Resources
%%%%%%%%%%%%%%%%%%%%%%%%%%%%%%%%%%%%%%%%%%%%%%%%%%%%%

@online{oai:chatgpt,
  author    = {{OpenAI GPT-5}},
  title     = {Erkläre die Herleitung der Shoelace-Formel aus der Gaußschen Trapezformel zur Flächenberechnung von Polygonen},
  year      = {2025},
  url       = {https://chat.openai.com},
  urldate   = {2025-10-09}
}

@online{Wiki:Gestenerkennung,
  author    = {{Wikipedia}},
  title     = {Gestenerkennung},
  year      = {2024},
  url       = {https://de.wikipedia.org/wiki/Gestenerkennung},
  urldate   = {2025-07-04}
}

@online{Wiki:Kinect,
  author    = {{Wikipedia}},
  title     = {Kinect},
  year      = {2024},
  url       = {https://de.wikipedia.org/wiki/Kinect},
  urldate   = {2025-07-04}
}

@online{Wiki:Passermarke,
  author    = {{Wikipedia}},
  title     = {Passermarke},
  year      = {2023},
  url       = {https://de.wikipedia.org/wiki/Passermarke},
  urldate   = {2025-10-05}
}

@online{Wiki:ocv,
  author    = {{Wikipedia}},
  title     = {OpenCV},
  year      = {2025},
  url       = {https://en.wikipedia.org/wiki/OpenCV},
  urldate   = {2025-10-08}
}

@online{Wiki:traFormel,
  author    = {{Wikipedia}},
  title     = {Gaußsche Trapezformel},
  year      = {2025},
  url       = {https://de.wikipedia.org/wiki/Gau%C3%9Fsche_Trapezformel},
  urldate   = {2025-10-08}
}

@online{IJ:fiducial,
  author    = {Kuzmenko, S.},
  title     = {Fiducial Markers Overview: Types, Use Cases, \& Comparison Table},
  year      = {2025},
  url       = {https://www.it-jim.com/blog/fiducial-markers-types},
  urldate   = {2025-10-05}
}

@online{chev:arucogen,
  author    = {Kalachev, O.},
  title     = {ArUco markers generator!},
  year      = {2023},
  url       = {https://chev.me/arucogen},
  urldate   = {2025-10-05}
}

@online{ten:qrcode,
  author    = {Doliner, F.},
  title     = {QR-Code erklärt: Was ist das und wie funktioniert es?},
  year      = {2022},
  url       = {https://t3n.de/news/qr-code-erklaert-was-ist-das-und-wie-funktioniert-es-1502227},
  urldate   = {2025-10-07}
}

@manual{ocv:docs,
  title        = {OpenCV Documentation},
  organization = {{OpenCV Team}},
  year         = {2025},
  url          = {https://docs.opencv.org/4.12.0},
  urldate      = {2025-10-08},
  note         = {Online-Dokumentation zur Open Source Computer Vision Library}
}

@online{ocv:org,
  author    = {{OpenCV}},
  title     = {OpenCV Project},
  year      = {2025},
  url       = {https://opencv.org},
  urldate   = {2025-10-08}
}

@online{bc:cf20,
  title        = {Crazyflie 2.0},
  organization = {{Bitcraze AB}},
  year         = {2024},
  url          = {https://www.bitcraze.io/images/Crazyflie2.0/Crazyflie2.0-585px.JPG},
  urldate      = {2025-10-10},
  note         = {Weisser Hintergrund wurde entfernt.}
}

@online{bc:crpa,
  title        = {Crazyradio PA},
  organization = {{Bitcraze AB}},
  year         = {2024},
  url          = {https://www.bitcraze.io/images/crazyradio-pa/Radio-PA-585px.JPG},
  urldate      = {2025-10-10},
  note         = {Weisser Hintergrund wurde entfernt.}
}

@online{bc:fdv2,
  title        = {Flow deck v2},
  organization = {{Bitcraze AB}},
  year         = {2024},
  url          = {https://www.bitcraze.io/images/flow_deck_v2/flow_deck_v2_585px.jpg},
  urldate      = {2025-10-10},
  note         = {Weisser Hintergrund wurde entfernt.}
}

@manual{bc:fdv2_specs,
  organization = {Bitcraze AB},
  title        = {Datasheet Flow deck v2},
  year         = {2020},
  url          = {https://www.bitcraze.io/documentation/hardware/flow_deck_2/flow_deck_2-datasheet.pdf},
  urldate      = {2025-10-10},
  organization = {Bitcraze AB}
}

@online{git:repo,
  author    = {Gautschi, Nelio},
  title     = {Maturaarbeit},
  year      = {2025},
  url       = {https://github.com/nToTheG/Maturaarbeit},
  urldate   = {2025-10-08}
}

%%%%%%%%%%%%%%%%%%%%%%%%%%%%%%%%%%%%%%%%%%%%%%%%%%%%%
% Scientific Articles
%%%%%%%%%%%%%%%%%%%%%%%%%%%%%%%%%%%%%%%%%%%%%%%%%%%%%

@article{RG:GestureRecognition,
  author  = {Sen, A. and Mishra, T. K. and Dash, R.},
  title   = {Novel Human Machine Interface via Robust Hand Gesture Recognition System using Channel Pruned YOLOv5s Model},
  year    = {2024},
  url     = {https://www.researchgate.net/publication/381959884_Novel_Human_Machine_Interface_via_Robust_Hand_Gesture_Recognition_System_using_Channel_Pruned_YOLOv5s_Model},
  urldate = {2025-07-04}
}

@article{RG:Gesten,
  author  = {Ladewig, S.},
  title   = {Gesten als Teil von Sprache – Die moderne Gestenforschung},
  year    = {2022},
  url     = {https://www.researchgate.net/publication/323522759_Gesten_als_Teil_von_Sprache_-_Die_moderne_Gestenforschung},
  urldate = {2025-07-04}
}

@article{arxiv:OmniRace,
  author  = {Serpiva, V. and Fedoseev, A. and Karaf, S. and Abdulkarim, A. A. and Tsetserukou, D.},
  title   = {OmniRace: 6D Hand Pose Estimation for Intuitive Guidance of Racing Drone},
  journal = {arXiv preprint arXiv:2407.09841},
  year    = {2024},
  url     = {https://arxiv.org/abs/2407.09841},
  urldate = {2025-07-04}
}

@article{SD:VR,
  author  = {Li, Y. and Huang, J. and Tian, F. and Wang, H. and Dai, G.},
  title   = {Gesture Interaction in Virtual Reality},
  journal = {Digital Communications and Networks},
  year    = {2019},
  url     = {https://www.sciencedirect.com/science/article/pii/S2096579619300075},
  urldate = {2025-07-04}
}

@techreport{sse:foodDel,
  author      = {Patel, O.},
  title       = {Designing Autonomous Drone for Food Delivery in Gazebo/ROS Based Environments},
  institution = {Southern Methodist University},
  year        = {2022},
  url         = {https://scholar.smu.edu/cgi/viewcontent.cgi?article=1007&context=engineering_compsci_research},
  urldate     = {2025-10-08}
}

%%%%%%%%%%%%%%%%%%%%%%%%%%%%%%%%%%%%%%%%%%%%%%%%%%%%%
% Books
%%%%%%%%%%%%%%%%%%%%%%%%%%%%%%%%%%%%%%%%%%%%%%%%%%%%%

@book{Hobmair:Psy,
  author    = {Altenthan, S. and Betscher-Ott, S. and Gotthardt, W. and Hobmair, H. and Höhlein, R. and Ott, W. and Pöll, R.},
  title     = {Hobmair Psychologie},
  edition   = {6},
  publisher = {Bildungsverlag EINS},
  address   = {Köln},
  year      = {2017}
}